@article{shor2000simple,
	title={Simple proof of security of the BB84 quantum key distribution protocol},
	author={Shor, Peter W and Preskill, John},
	journal={Physical review letters},
	volume={85},
	number={2},
	pages={441},
	year={2000},
	publisher={APS}
}

@article{scarani2004quantum,
	title={Quantum cryptography protocols robust against photon number splitting attacks for weak laser pulse implementations},
	author={Scarani, Valerio and Acin, Antonio and Ribordy, Gr{\'e}goire and Gisin, Nicolas},
	journal={Physical review letters},
	volume={92},
	number={5},
	pages={057901},
	year={2004},
	publisher={APS}
}

@article{ekert1991quantum,
	title={Quantum cryptography based on Bell’s theorem},
	author={Ekert, Artur K},
	journal={Physical review letters},
	volume={67},
	number={6},
	pages={661},
	year={1991},
	publisher={APS}
}

@inproceedings{ch1984quantum,
	title={Quantum cryptography: public key distribution and coin tossing int},
	author={Ch, H Bennett and Brassard, G},
	booktitle={Conf. on Computers, Systems and Signal Processing (Bangalore, India},
	volume={175},
	year={1984}
}

@article{lo2005decoy,
	title={Decoy state quantum key distribution},
	author={Lo, Hoi-Kwong and Ma, Xiongfeng and Chen, Kai},
	journal={Physical review letters},
	volume={94},
	number={23},
	pages={230504},
	year={2005},
	publisher={APS}
}

@article{dushkin2018obzor,
	title={Обзор текущего состояния квантовых технологий},
	author={Душкин, {\CYRR}оман {\CYRV}икторович},
	journal={Компьютерные исследования и моделирование},
	volume={10},
	number={2},
	pages={165--179},
	year={2018},
	publisher={Ижевский институт компьютерных исследований},
	language={russian},
	hyphenation={russian}
}

@article{dron2018perspictivah,
	title={О перспективах совместного использования методов квантовой и классической криптографии},
	author={Дрон, {\CYRK}онстантин {\CYRK}онстантинович},
	journal={Вестник Хакасского государственного университета им. НФ Катанова},
	number={24},
	year={2018},
	publisher={Федеральное государственное бюджетное образовательное учреждение высшего~…},
	language={russian},
	hyphenation={russian}
}

@article{gisin2004towards,
	title={Towards practical and fast quantum cryptography},
	author={Gisin, Nicolas and Ribordy, Gr{\'e}goire and Zbinden, Hugo and Stucki, Damien and Brunner, Nicolas and Scarani, Valerio},
	journal={arXiv preprint quant-ph/0411022},
	year={2004}
}

@article{khan2009high,
	title={High error-rate quantum key distribution for long-distance communication},
	author={Khan, Muhammad Mubashir and Murphy, Michael and Beige, Almut},
	journal={New Journal of Physics},
	volume={11},
	number={6},
	pages={063043},
	year={2009},
	publisher={IOP Publishing}
}

@article{serna2009quantum,
	title={Quantum key distribution protocol with private-public key},
	author={Serna, Eduin H},
	journal={arXiv preprint arXiv:0908.2146},
	year={2009}
}

@article{serna2013quantum,
	title={Quantum Key Distribution from a random seed},
	author={Serna, Eduin H},
	journal={arXiv preprint arXiv:1311.1582},
	year={2013}
}

@article{song2020quantum,
	title={Quantum Key Distribution Based on Random Grouping Bell State Measurement},
	author={Song, Dan and Chen, Dongxu},
	journal={IEEE Communications Letters},
	volume={24},
	number={7},
	pages={1496--1499},
	year={2020},
	publisher={IEEE}
}

@article{huttner1995quantum,
	title={Quantum cryptography with coherent states},
	author={Huttner, Bruno and Imoto, Nobuyuki and Gisin, Nicolas and Mor, Tsafrir},
	journal={Physical Review A},
	volume={51},
	number={3},
	pages={1863},
	year={1995},
	publisher={APS}
}


@article{singh2014quantum,
	title={Quantum key distribution protocols: a review},
	author={Singh, Hitesh and Gupta, DL and Singh, Ashish Kumar},
	journal={Journal of Computer Engineering},
	volume={16},
	number={2},
	pages={1--9},
	year={2014}
}